<?xml version="1.0" encoding="UTF-8"?><collection xmlns="http://www.loc.gov/MARC21/slim"><record><leader>00482nam--2200193-u-4500</leader><controlfield tag="001">000055851</controlfield><controlfield tag="002">20161230</controlfield><controlfield tag="005">20170119003431</controlfield><controlfield tag="008">130808s1000------------r-----000-0-rus-d</controlfield><datafield ind1=" " ind2=" " tag="040"><subfield code="a">IFIN-HH</subfield></datafield><datafield ind1=" " ind2=" " tag="041"><subfield code="a">rus</subfield></datafield><datafield ind1=" " ind2=" " tag="080"><subfield code="a">519.63</subfield></datafield><datafield ind1="1" ind2=" " tag="100"><subfield code="a">Maslov, V. P</subfield></datafield><datafield ind1="1" ind2="0" tag="245"><subfield code="a">Uravnenia odnomernogo barotropnogo gaza</subfield><subfield code="c">V.P. Maslov, P.P. Mosolov</subfield></datafield><datafield ind1=" " ind2=" " tag="260"><subfield code="a">Moskva</subfield><subfield code="b">Nauka</subfield><subfield code="c">1990</subfield></datafield><datafield ind1=" " ind2=" " tag="300"><subfield code="a">215 p</subfield></datafield><datafield ind1="1" ind2=" " tag="700"><subfield code="a">Moslov, P. P</subfield></datafield><datafield ind1=" " ind2=" " tag="852"><subfield code="a">79362</subfield><subfield code="c">519.3</subfield></datafield><datafield ind1=" " ind2=" " tag="CAT"><subfield code="a">SYS</subfield><subfield code="c">20170119</subfield><subfield code="h">003431</subfield></datafield></record></collection>